<record><leader>00000cas a2200000Mi 4500</leader><controlfield tag="001">29655263</controlfield><controlfield tag="008">940120u197uuuuucau x ne      0   a1eng d</controlfield><datafield ind1=" " ind2=" " tag="010"><subfield code="a">sn 98068056 </subfield></datafield><datafield ind1=" " ind2=" " tag="040"><subfield code="a">NTE</subfield><subfield code="b">eng</subfield><subfield code="c">NTE</subfield><subfield code="d">NVK</subfield><subfield code="d">OCLCQ</subfield><subfield code="d">OCLCG</subfield><subfield code="d">OCLCQ</subfield></datafield><datafield ind1=" " ind2=" " tag="043"><subfield code="a">n-us-ca</subfield></datafield><datafield ind1="0" ind2=" " tag="130"><subfield code="a">Cobblestone (Los Alamitos, Calif.)</subfield></datafield><datafield ind1="1" ind2="0" tag="245"><subfield code="a">Cobblestone :</subfield><subfield code="b">the art newspaper for Southern California.</subfield></datafield><datafield ind1=" " ind2=" " tag="260"><subfield code="a">Los Alamitos, CA :</subfield><subfield code="b">Fragments West</subfield></datafield><datafield ind1=" " ind2=" " tag="300"><subfield code="a">v. :</subfield><subfield code="b">ill. ;</subfield><subfield code="c">45 cm.</subfield></datafield><datafield ind1=" " ind2=" " tag="500"><subfield code="a">Published in periodical format v. 3, no. 26 (Mar-Apr. 1977)-</subfield></datafield><datafield ind1=" " ind2=" " tag="500"><subfield code="a">Editor: Phil Yeh.</subfield></datafield><datafield ind1=" " ind2=" " tag="588"><subfield code="a">Description based on: Vol. 1, issue 11 (Nov.-Dec. 1975).</subfield></datafield><datafield ind1=" " ind2="0" tag="650"><subfield code="a">Underground comic books, strips, etc.</subfield><subfield code="x">History and criticism.</subfield></datafield><datafield ind1=" " ind2="0" tag="651"><subfield code="a">Los Alamitos (Calif.)</subfield><subfield code="v">Newspapers.</subfield></datafield><datafield ind1="1" ind2=" " tag="700"><subfield code="a">Yeh, Phil,</subfield><subfield code="d">1954-</subfield></datafield><datafield ind1="0" ind2=" " tag="730"><subfield code="a">Comix collection.</subfield></datafield><datafield ind1=" " ind2=" " tag="752"><subfield code="a">United States</subfield><subfield code="b">California</subfield><subfield code="c">Orange</subfield><subfield code="d">Los Alamitos.</subfield></datafield></record>